@BOOK{borgman03,
  author    = {Borgman, Christine L.},
  date      = {2003},
  title     = {From Gutenberg to the global information infrastructure},
  subtitle  = {access to information in the networked world},
  edition   = {1}, % should not be stated
  location  = {Cambridge (Mass)},
  publisher = {The MIT Press},
  pagetotal = {xviii, 324},
  isbn      = {0-262-52345-0},
  langid    = {english}
}



@article{berger2011,
	title={Can losing lead to winning?},
	author={Berger, Jonah and Pope, Devin},
	journal={Management Science},
	volume={57},
	number={5},
	pages={817--827},
	year={2011},
	publisher={INFORMS}
}

@article{merritt2014,
	title={Scoring dynamics across professional team sports: tempo, balance and predictability},
	author={Merritt, Sears and Clauset, Aaron},
	journal={EPJ Data Science},
	volume={3},
	number={1},
	pages={4},
	year={2014},
	publisher={Springer}
}

@article{barankay2010,
	title={Rankings and social tournaments: Evidence from a field experiment},
	author={Barankay, Iwan},
	journal={University of Pennsylvania mimeo},
	volume={15},
	year={2010}
}

@techreport{bergerhoff2015,
	title={Can being behind get you ahead? Reference Dependence and Asymmetric Equilibria in an Unfair Tournament},
	author={Bergerhoff, Jan and Vosen, Agnes},
	year={2015},
	institution={Bonn Econ Discussion Papers}
}

@article{schneemann2017,
	title={Intermediate information, loss aversion, and effort: Empirical evidence},
	author={Schneemann, Sandra and Deutscher, Christian},
	journal={Economic Inquiry},
	volume={55},
	number={4},
	pages={1759--1770},
	year={2017},
	publisher={Wiley Online Library}
}

@online{trefik,
	title = {Tref√≠k},
	year = 1996,
	url = {https://www.trefik.cz/},
	urldate = {2019-03-01}
}